Kandel
@inbook{PrinciplesOfNeuralScience4edKAP07,
 	author = {Kandel, Eric R. and Schwartz, J. H. and Jessell, Thomas M.},
 	edition = {4th},
	chapter = {07},
 	isbn = {0071120009},
 	publisher = {McGraw-Hill Medical},
 	title = {Principles of Neural Science},
 	year = {2000},
}
@inbook{PrinciplesOfNeuralScience4edKAP09,
 	author = {Kandel, Eric R. and Schwartz, J. H. and Jessell, Thomas M.},
 	edition = {4th},
	chapter = {09},
 	isbn = {0071120009},
 	publisher = {McGraw-Hill Medical},
 	title = {Principles of Neural Science},
 	year = {2000},
}
@inbook{PrinciplesOfNeuralScience4edKAP10,
 	author = {Kandel, Eric R. and Schwartz, J. H. and Jessell, Thomas M.},
 	edition = {4th},
	chapter = {10},
 	isbn = {0071120009},
 	publisher = {McGraw-Hill Medical},
 	title = {Principles of Neural Science},
 	year = {2000},
}
@inbook{PrinciplesOfNeuralScience4edKAP12,
 	author = {Kandel, Eric R. and Schwartz, J. H. and Jessell, Thomas M.},
 	edition = {4th},
	chapter = {12},
 	isbn = {0071120009},
 	publisher = {McGraw-Hill Medical},
 	title = {Principles of Neural Science},
 	year = {2000},
}
@inbook{PrinciplesOfNeuralScience4edKAP14,
 	author = {Kandel, Eric R. and Schwartz, J. H. and Jessell, Thomas M.},
 	edition = {4th},
	chapter = {14},
 	isbn = {0071120009},
 	publisher = {McGraw-Hill Medical},
 	title = {Principles of Neural Science},
 	year = {2000},
}
@inbook{PrinciplesOfNeuralScience4edKAP36,
 	author = {Kandel, Eric R. and Schwartz, J. H. and Jessell, Thomas M.},
 	edition = {4th},
	chapter = {36},
 	isbn = {0071120009},
 	publisher = {McGraw-Hill Medical},
 	title = {Principles of Neural Science},
 	year = {2000},
}

Bear
@inbook{NeuroscienceExploringTheBrain3edKAP3,
	author = {Bear, Mark F. and Connors, Barry and Paradiso, Michael},
	edition = {Third},
 	chapter = {3},
	isbn = {0781760038},
	publisher = {Lippincott Williams \& Wilkins},
	title = {{Neuroscience: Exploring the Brain (Third Edition)}},
	year = {2006}
}
@inbook{NeuroscienceExploringTheBrain3edKAP5,
	author = {Bear, Mark F. and Connors, Barry and Paradiso, Michael},
	edition = {Third},
 	chapter = {5},
	isbn = {0781760038},
	publisher = {Lippincott Williams \& Wilkins},
	title = {{Neuroscience: Exploring the Brain (Third Edition)}},
	year = {2006}
}

Principles of anatomy and physiology
@inbook{PrinciplesOfAnatomyAndPhysiology12edKAP12,
	author = {Tortora, Gerard J. and Tortora, Gerald J. and Roesch, Bonnie},
	edition = {12th},
	chapter = {12},
	isbn = {0471366927},
	publisher = {{John Wiley \& Sons Inc}},
	title = {{Principles of Anatomy \& Physiology, Ninth Edition}},
	year = {2000}
}
Hebb's principle:
@inbook{Hebb1949Kap4,
	author = {Hebb, Donald O.},
	edition = {New},
	chapter = {4},
	publisher = {Wiley},
	title = {The Organization of Behavior: A Neuropsychological Theory},
	year = {1949}
}


ARTIKLER:

@article{ AMPARtrafficingArtikkel,
	author = {Malenka, Robert C.},
	title = {Synaptic Plasticity in {AMPA} Receptor Trafficing},
	journal = {Annals of the New York Academy of Sciences},
	year = {2003},
}
				
Før STDP : ustabilitet i hebbian learning. Forsøk på å løse dette:
@article{hebbUstabilt,
	author = { Paul Easton, Peter E. Gordon},
	title = {Stabilization of Hebbian neural nets by inhibitory learning},
	journal = {Biological Cybernetics},
	volume = {51},
	number = {1},
	pages = { 1-9 },
	year = {1984},
}

Artikkelen som kom med STDP: (differensiering av LTP, basert på depolarisasjon i postsyn neuron)
@article{Gustafsson03011987,
	author = {Gustafsson, B and Wigstrom, H and Abraham, WC and Huang, YY},
	title = {{Long-term potentiation in the hippocampus using depolarizing current pulses as the conditioning stimulus to single volley synaptic potentials}},
	journal = {J. Neurosci.},
	volume = {7},
	number = {3},
	pages = {774-780},
	year = {1987},
	URL = {http://www.jneurosci.org/cgi/content/abstract/7/3/774},
	eprint = {http://www.jneurosci.org/cgi/reprint/7/3/774.pdf}
}

Mecanisms and significance of STDP
@article{ reviewSTDP,
	title = {Mechanisms and significance of spike-timing dependent plasticity},
	journal = {Biological Cybernetics},
	author = {Uma R. Karmarkar, Mark T. Najarian, Dean V. Buonomano},
	volume = { 87 },
	number = { 5 },
	pages = { 373-382 },
	year = { 2002 },
}

For figur:
@article{stableHebbVedSTDP,
	author = {van Rossum, M. C. W. and Bi, G. Q. and Turrigiano, G. G.},
	title = {{Stable Hebbian Learning from Spike Timing-Dependent Plasticity}},
	journal = {J. Neurosci.},
	volume = {20},
	number = {23},
	pages = {8812-8821},
	year = {2000},
}
